<?xml version="1.0" encoding="UTF-8" ?><marc:record xmlns:marc="http://www.loc.gov/MARC21/slim"><marc:leader>00556nam a2200169   4500</marc:leader>
<marc:controlfield tag="001">1003006</marc:controlfield>
<marc:controlfield tag="008">100120s1857        enk           |00|| und d</marc:controlfield><marc:datafield tag="100" ind1="1" ind2=" "><marc:subfield code="a">Lyell, Charles.</marc:subfield></marc:datafield><marc:datafield tag="245" ind1="1" ind2="0"><marc:subfield code="a">Supplement to the fifth edition of A manual of elementary geology.</marc:subfield></marc:datafield><marc:datafield tag="260" ind1=" " ind2=" "><marc:subfield code="a">London :</marc:subfield><marc:subfield code="b">John Murray,</marc:subfield><marc:subfield code="c">1857.</marc:subfield></marc:datafield><marc:datafield tag="300" ind1=" " ind2=" "><marc:subfield code="a">41 p.</marc:subfield></marc:datafield><marc:datafield tag="500" ind1=" " ind2=" "><marc:subfield code="a">Location: Cambridge.</marc:subfield></marc:datafield><marc:datafield tag="500" ind1=" " ind2=" "><marc:subfield code="a">Identifier: Lyell1857wi12D.</marc:subfield></marc:datafield><marc:datafield tag="500" ind1=" " ind2=" "><marc:subfield code="a">Public number: 0854.</marc:subfield></marc:datafield><marc:datafield tag="561" ind1=" " ind2=" "><marc:subfield code="a">From the library of Charles Darwin.</marc:subfield></marc:datafield><marc:datafield tag="599" ind1=" " ind2=" "><marc:subfield code="a">Includes manuscript sheets.</marc:subfield></marc:datafield><marc:datafield tag="770" ind1="0" ind2=" "><marc:subfield code="t">Manuscript material.</marc:subfield><marc:subfield code="o">Lyell1857wi12D_MS</marc:subfield></marc:datafield></marc:record>